<record><leader>00000cas a2200000 a 4500</leader><controlfield tag="001">32260587</controlfield><controlfield tag="007">hd bfu---baat</controlfield><controlfield tag="007">hd afu---bact</controlfield><controlfield tag="008">950405d18891894nbuwr nea     0    0eng d</controlfield><datafield ind1=" " ind2=" " tag="010"><subfield code="a">sn 95069467 </subfield></datafield><datafield ind1=" " ind2=" " tag="040"><subfield code="a">NVG</subfield><subfield code="b">eng</subfield><subfield code="c">NVG</subfield><subfield code="d">OCL</subfield><subfield code="d">OCLCQ</subfield></datafield><datafield ind1=" " ind2=" " tag="042"><subfield code="a">msc</subfield></datafield><datafield ind1=" " ind2=" " tag="043"><subfield code="a">n-us-nb</subfield></datafield><datafield ind1="0" ind2="4" tag="245"><subfield code="a">The Greeley County independent.</subfield></datafield><datafield ind1="3" ind2="0" tag="246"><subfield code="a">Greely County independent</subfield></datafield><datafield ind1="1" ind2="3" tag="246"><subfield code="a">Greeley Co. independent</subfield></datafield><datafield ind1=" " ind2=" " tag="260"><subfield code="a">Scotia, Greeley County, Neb. :</subfield><subfield code="b">H. Allnutt</subfield></datafield><datafield ind1=" " ind2=" " tag="300"><subfield code="a">volumes</subfield></datafield><datafield ind1=" " ind2=" " tag="310"><subfield code="a">Weekly</subfield></datafield><datafield ind1=" " ind2=" " tag="336"><subfield code="a">text</subfield><subfield code="b">txt</subfield><subfield code="2">rdacontent</subfield></datafield><datafield ind1=" " ind2=" " tag="337"><subfield code="a">microform</subfield><subfield code="b">h</subfield><subfield code="2">rdamedia</subfield></datafield><datafield ind1=" " ind2=" " tag="338"><subfield code="a">microfilm reel</subfield><subfield code="b">hd</subfield><subfield code="2">rdacarrier</subfield></datafield><datafield ind1="1" ind2=" " tag="362"><subfield code="a">Began in 1889; ceased in 1894.</subfield></datafield><datafield ind1=" " ind2=" " tag="580"><subfield code="a">Merged with: Greeley leader, to form: Leader-independent.</subfield></datafield><datafield ind1=" " ind2=" " tag="588"><subfield code="a">Description based on: Vol. 1, no. 23 (June 25, 1891).</subfield></datafield><datafield ind1=" " ind2=" " tag="533"><subfield code="a">Microfilm.</subfield><subfield code="m">June 25,1891;June 9,1892.</subfield><subfield code="b">Lincoln, Neb. :</subfield><subfield code="c">Nebraska State Historical Society,</subfield><subfield code="d">[1979-1990].</subfield><subfield code="e">2 microfilm reels ; 35 mm.</subfield></datafield><datafield ind1=" " ind2=" " tag="752"><subfield code="a">United States</subfield><subfield code="b">Nebraska</subfield><subfield code="c">Greeley</subfield><subfield code="d">Scotia.</subfield></datafield><datafield ind1="1" ind2="7" tag="785"><subfield code="t">Greeley leader</subfield><subfield code="w">(DLC)sn 95069465</subfield></datafield><datafield ind1="1" ind2="7" tag="785"><subfield code="t">Leader-independent</subfield><subfield code="w">(DLC)sn 95069466</subfield></datafield><datafield ind1="1" ind2=" " tag="029"><subfield code="a">AU@</subfield><subfield code="b">000022177961</subfield></datafield></record>